<record><leader>00000cas a2200000 a 4500</leader><controlfield tag="001">21768075</controlfield><controlfield tag="008">900611d18uu1946iluwr ne      0   a0eng c</controlfield><datafield ind1=" " ind2=" " tag="010"><subfield code="a">sn 90054550 </subfield></datafield><datafield ind1=" " ind2=" " tag="040"><subfield code="a">NVF</subfield><subfield code="b">eng</subfield><subfield code="c">NVF</subfield><subfield code="d">NVF</subfield><subfield code="d">OCLCQ</subfield><subfield code="d">OCLCF</subfield><subfield code="d">OCLCO</subfield></datafield><datafield ind1="1" ind2=" " tag="029"><subfield code="a">AU@</subfield><subfield code="b">000020631294</subfield></datafield><datafield ind1=" " ind2=" " tag="042"><subfield code="a">pcc</subfield></datafield><datafield ind1=" " ind2=" " tag="043"><subfield code="a">n-us-il</subfield></datafield><datafield ind1="0" ind2="4" tag="245"><subfield code="a">The Waynesville record.</subfield></datafield><datafield ind1=" " ind2=" " tag="260"><subfield code="a">Waynesville, Ill. :</subfield><subfield code="b">Crihfield Bros.,</subfield><subfield code="c">[18--?]-1946.</subfield></datafield><datafield ind1=" " ind2=" " tag="300"><subfield code="a">v.</subfield></datafield><datafield ind1=" " ind2=" " tag="310"><subfield code="a">Weekly</subfield></datafield><datafield ind1="0" ind2=" " tag="362"><subfield code="a">-v. 64, no. 35 (Aug. 31, 1946).</subfield></datafield><datafield ind1=" " ind2=" " tag="515"><subfield code="a">Issue for v. 59, no. 1 (Jan. 4, 1941) erroneously designated as v. 68, no. 1.</subfield></datafield><datafield ind1=" " ind2=" " tag="515"><subfield code="a">Issue for v. 63, no. 48 (Nov. 24, 1945) erroneously designated as v. 63, no. 47.</subfield></datafield><datafield ind1=" " ind2=" " tag="588"><subfield code="a">Description based on: Vol. 52, no. 43 (Oct. 27, 1934).</subfield></datafield><datafield ind1=" " ind2="0" tag="651"><subfield code="a">Waynesville (Ill.)</subfield><subfield code="v">Newspapers.</subfield></datafield><datafield ind1=" " ind2="7" tag="655"><subfield code="a">Newspapers.</subfield><subfield code="2">fast</subfield><subfield code="0">(OCoLC)fst01423814</subfield></datafield><datafield ind1=" " ind2="7" tag="651"><subfield code="a">Illinois</subfield><subfield code="z">Waynesville.</subfield><subfield code="2">fast</subfield><subfield code="0">(OCoLC)fst01889653</subfield></datafield><datafield ind1=" " ind2=" " tag="752"><subfield code="a">United States</subfield><subfield code="b">Illinois</subfield><subfield code="c">De Witt</subfield><subfield code="d">Waynesville.</subfield></datafield></record>